@misc{dgcnn,
Author = {Yue Wang and Yongbin Sun and Ziwei Liu and Sanjay E. Sarma and Michael M. Bronstein and Justin M. Solomon},
Title = {Dynamic Graph CNN for Learning on Point Clouds},
Year = {2018},
Eprint = {arXiv:1801.07829},
}

@misc{shapenet,
Author = {Zhirong Wu and Shuran Song and Aditya Khosla and Fisher Yu and Linguang Zhang and Xiaoou Tang and Jianxiong Xiao},
Title = {3D ShapeNets: A Deep Representation for Volumetric Shapes},
Year = {2015},
}

@article{omar2018traversability,
Author = {R. Omar Chavez-Garcia and Jerome Guzzi and Luca M. Gambardella and Alessandro Giusti},
Title = {Learning Ground Traversability from Simulations},
Year = {2017},
Eprint = {arXiv:1709.05368},
Howpublished = {in IEEE Robotics and Automation Letters, vol. 3, no. 3, pp.
  1695-1702, July 2018},
Doi = {10.1109/LRA.2018.2801794},
}

@misc{1812.08434,
Author = {Jie Zhou and Ganqu Cui and Zhengyan Zhang and Cheng Yang and Zhiyuan Liu and Lifeng Wang and Changcheng Li and Maosong Sun},
Title = {Graph Neural Networks: A Review of Methods and Applications},
Year = {2018},
Eprint = {arXiv:1812.08434},
}